<?xml version="1.0" encoding="UTF-8"?><collection xmlns="http://www.loc.gov/MARC21/slim"><record><leader>00495nam--2200169-i-4500</leader><controlfield tag="001">000029620</controlfield><controlfield tag="002">20161230</controlfield><controlfield tag="005">20161230201037</controlfield><controlfield tag="008">060222s1000------------r-----000-0-eng-d</controlfield><datafield ind1=" " ind2=" " tag="040"><subfield code="a">IFIN-HH</subfield></datafield><datafield ind1=" " ind2=" " tag="080"><subfield code="a">512.812(075.9)</subfield></datafield><datafield ind1="1" ind2=" " tag="100"><subfield code="a">Gelfand, I.M</subfield></datafield><datafield ind1="1" ind2="0" tag="245"><subfield code="a">Lie groups and their representation</subfield><subfield code="b">Summer school of bolyai janos mathematical society</subfield><subfield code="c">I.m. gelfand (ed.)</subfield></datafield><datafield ind1=" " ind2=" " tag="260"><subfield code="a">Budapest</subfield><subfield code="b">Akademiai Kiado</subfield><subfield code="c">1975</subfield></datafield><datafield ind1=" " ind2=" " tag="300"><subfield code="a">726P</subfield></datafield><datafield ind1=" " ind2=" " tag="852"><subfield code="a">45881</subfield><subfield code="c">519.4/5</subfield></datafield><datafield ind1=" " ind2=" " tag="CAT"><subfield code="a">Sys</subfield><subfield code="c">20130813</subfield><subfield code="h">161011</subfield></datafield></record></collection>